@misc{wikipediaShortlexOrder,
	author = {wikipedia},
	title = {{S}hortlex order - {W}ikipedia --- en.wikipedia.org},
	howpublished = {\url{https://en.wikipedia.org/wiki/Shortlex_order }},
	year = {},
	note = {[Accessed 19-10-2024]},
}

@misc{wikipediaJSON,
	author = {wikipedia},
	title = {{J}{S}{O}{N} - {W}ikipedia --- en.wikipedia.org},
	howpublished = {\url{https://en.wikipedia.org/wiki/JSON#Data_types.2C_syntax_and_example}},
	year = {},
	note = {[Accessed 19-10-2024]},
}

@misc{math24,
	author = {math24},
	title = {{L}exicographic {O}rders --- math24.net},
	howpublished = {\url{https://math24.net/lexicographic-orders.html}},
	year = {},
	note = {[Accessed 19-10-2024]},
}

@misc{python,
	author = {Python Docs},
	title = {{G}enerator {O}bjects --- docs.python.org},
	howpublished = {\url{https://docs.python.org/3/c-api/gen.html}},
	year = {},
	note = {[Accessed 19-10-2024]},
}

@article{Papathanasaki,
    doi = {10.5772/acrt.08},
    url = {https://doi.org/10.5772/acrt.08},
    year = {2022},
    month = {Jun},
    publisher = {IntechOpen},
    author = {Maria Papathanasaki and Leandros Maglaras and Nick Ayres},
    title = {Modern Authentication Methods: A Comprehensive Survey},
    journal = {AI, Computer Science and Robotics Technology},
}

@inproceedings{duermuth:hal-01112124,
  TITLE = {{OMEN: Faster Password Guessing Using an Ordered Markov Enumerator}},
  AUTHOR = {Duermuth, Markus and Angelstorf, Fabian and Castelluccia, Claude and Perito, Daniele and Chaabane, Abdelberi},
  URL = {https://hal.science/hal-01112124},
  BOOKTITLE = {{International Symposium on Engineering Secure Software and Systems}},
  ADDRESS = {milan, Italy},
  YEAR = {2015},
  MONTH = Mar,
  KEYWORDS = {Authentication ; Password guessing ; Markov models},
  PDF = {https://hal.science/hal-01112124v1/file/omen.pdf},
  HAL_ID = {hal-01112124},
  HAL_VERSION = {v1},
}

@misc{Max,
	author = {Max Potasznik, Abhinav Narain, Richard Johnson},
	title = {cs.umd.edu},
	howpublished = {\url{https://www.cs.umd.edu/~rbjohns8/projects/pwd.pdf}},
	year = {},
	note = {[Accessed 24-10-2024]},
}

@misc{Brannon,
	author = {Brannon Dorsey},
	title = {{R}ock {Y}ou},
	howpublished = {\url{https://github.com/brannondorsey/naive-hashcat/releases/download/data/rockyou.txt}},
	year = {},
	note = {[Accessed 25-10-2024]},
}

@Inbook{Refaeilzadeh2009,
author="Refaeilzadeh, Payam
and Tang, Lei
and Liu, Huan",
editor="LIU, LING
and {\"O}ZSU, M. TAMER",
title="Cross-Validation",
bookTitle="Encyclopedia of Database Systems",
year="2009",
publisher="Springer US",
address="Boston, MA",
pages="532--538",
isbn="978-0-387-39940-9",
doi="10.1007/978-0-387-39940-9_565",
url="https://doi.org/10.1007/978-0-387-39940-9_565"
}

@misc{techcrunchRockYouHack,
	author = {Nik Cubrilovic},
	title = {{R}ock{Y}ou {H}ack: {F}rom {B}ad {T}o {W}orse | {T}ech{C}runch --- techcrunch.com},
	howpublished = {\url{https://techcrunch.com/2009/12/14/rockyou-hack-security-myspace-facebook-passwords/}},
	year = {},
	note = {[Accessed 24-10-2024]},
}